<record><leader>00000cas a22000007a 4500</leader><controlfield tag="001">13200515</controlfield><controlfield tag="008">860226d18961910njuwr ne      0    0eng d</controlfield><datafield ind1=" " ind2=" " tag="010"><subfield code="a">sn 85036027 </subfield></datafield><datafield ind1=" " ind2=" " tag="040"><subfield code="a">NPA</subfield><subfield code="b">eng</subfield><subfield code="c">NPA</subfield><subfield code="d">NJW</subfield><subfield code="d">OCLCQ</subfield></datafield><datafield ind1=" " ind2=" " tag="042"><subfield code="a">msc</subfield></datafield><datafield ind1="0" ind2=" " tag="130"><subfield code="a">New Jersey gazette (Camden, N.J.)</subfield></datafield><datafield ind1="1" ind2="0" tag="245"><subfield code="a">New Jersey gazette.</subfield></datafield><datafield ind1=" " ind2=" " tag="260"><subfield code="a">Camden, N.J. :</subfield><subfield code="b">A.C. Graw</subfield></datafield><datafield ind1=" " ind2=" " tag="300"><subfield code="a">v. :</subfield><subfield code="b">ill. ;</subfield><subfield code="c">66 cm.</subfield></datafield><datafield ind1=" " ind2=" " tag="310"><subfield code="a">Weekly</subfield></datafield><datafield ind1="1" ind2=" " tag="362"><subfield code="a">Began in 1896? Ceased in 1910?</subfield><subfield code="z">Cf. Wright, W.C. and Stellhorn, P.A. Direct. of N.J. newspapers.</subfield></datafield><datafield ind1=" " ind2=" " tag="588"><subfield code="a">Description based on: Vol. 31, no. 22 (Mar. 12, 1898).</subfield></datafield><datafield ind1=" " ind2=" " tag="752"><subfield code="a">United States</subfield><subfield code="b">New Jersey</subfield><subfield code="c">Camden</subfield><subfield code="d">Camden.</subfield></datafield><datafield ind1="0" ind2="0" tag="780"><subfield code="t">Temperance gazette (Camden, N.J.)</subfield><subfield code="w">(DLC)sn 87068118</subfield></datafield></record>